@BOOK{biggs,
	author = {Biggs, John B and Tang, Catherine},
	editor = {},
	title = {Teaching for quality learning : what the student does},
	publisher = {Maidenhead : Open University Press},
	year = {2011},
	otherinfo = {}
}

@BOOK{illeris,
	author = {Illeris, K},
	editor = {},
	title = {L\"{a}rande},
	publisher = {2nd edition, Lund: Studentlitteratur},
	year = {2015},
	otherinfo = {}
}


